%\newpage
%\phantomsection
%\nocite{*}
%\bibliography{bibl}
%\bibliographystyle{acm}
\end{document}
